<record><leader>00000cas a2200000 a 4500</leader><controlfield tag="001">13811053</controlfield><controlfield tag="008">860702d18381839vtuwr ne      0    0eng  </controlfield><datafield ind1=" " ind2=" " tag="010"><subfield code="a">sn 86071674 </subfield></datafield><datafield ind1=" " ind2=" " tag="040"><subfield code="a">DLC</subfield><subfield code="b">eng</subfield><subfield code="c">DLC</subfield><subfield code="d">NVN</subfield><subfield code="d">OCL</subfield><subfield code="d">OCLCO</subfield><subfield code="d">OCLCQ</subfield><subfield code="d">OCLCA</subfield><subfield code="d">OCLCF</subfield></datafield><datafield ind1="1" ind2=" " tag="029"><subfield code="a">AU@</subfield><subfield code="b">000025789054</subfield></datafield><datafield ind1=" " ind2=" " tag="042"><subfield code="a">msc</subfield></datafield><datafield ind1=" " ind2=" " tag="043"><subfield code="a">n-us-vt</subfield></datafield><datafield ind1="0" ind2="0" tag="050"><subfield code="a">Newspaper 9979</subfield></datafield><datafield ind1="0" ind2="0" tag="245"><subfield code="a">Green Mountain Argus, and Middlebury free press.</subfield></datafield><datafield ind1="1" ind2="3" tag="246"><subfield code="a">Green Mountain Argus</subfield></datafield><datafield ind1="1" ind2="3" tag="246"><subfield code="a">Argus and free press</subfield></datafield><datafield ind1=" " ind2=" " tag="260"><subfield code="a">[Middlebury, Vt.] :</subfield><subfield code="b">J. Cobb, Jr.</subfield></datafield><datafield ind1=" " ind2=" " tag="300"><subfield code="a">v. :</subfield><subfield code="b">ill. (chiefly advertisements) ;</subfield><subfield code="c">54 cm.</subfield></datafield><datafield ind1=" " ind2=" " tag="310"><subfield code="a">Weekly</subfield></datafield><datafield ind1="1" ind2=" " tag="362"><subfield code="a">Began in 1838; ceased in July 1839.</subfield></datafield><datafield ind1=" " ind2=" " tag="500"><subfield code="a">"Democratic."</subfield></datafield><datafield ind1=" " ind2=" " tag="588"><subfield code="a">Description based on: Vol. 7, no. 2 (Oct. 9, 1838).</subfield></datafield><datafield ind1=" " ind2="0" tag="651"><subfield code="a">Vermont</subfield><subfield code="v">Newspapers.</subfield></datafield><datafield ind1=" " ind2="7" tag="655"><subfield code="a">Newspapers.</subfield><subfield code="2">fast</subfield><subfield code="0">(OCoLC)fst01423814</subfield></datafield><datafield ind1=" " ind2="7" tag="651"><subfield code="a">Vermont.</subfield><subfield code="2">fast</subfield><subfield code="0">(OCoLC)fst01204305</subfield></datafield><datafield ind1=" " ind2=" " tag="752"><subfield code="a">United States</subfield><subfield code="b">Vermont</subfield><subfield code="c">Addison</subfield><subfield code="d">Middlebury.</subfield></datafield><datafield ind1="0" ind2="0" tag="780"><subfield code="t">Vermont Argus and free press</subfield><subfield code="w">(DLC)sn 83025687</subfield><subfield code="w">(OCoLC)9741799</subfield></datafield><datafield ind1="0" ind2="0" tag="785"><subfield code="t">Green Mountain Argus</subfield><subfield code="w">(DLC)sn 86071676</subfield><subfield code="w">(OCoLC)13811681</subfield></datafield></record>